
@article{why-dependent-types-matter,
  author =	 {James McKinna},
  title =	 {Why Dependent Types Matter},
  journal =	 {ACM SIGPLAN Notices},
  volume =	 41,
  number =	 1,
  pages =	 {1-1},
  year =	 2006,
  doi =		 {10.1145/1111320.1111038},
  url =		 {http://dx.doi.org/10.1145/1111320.1111038},
  DATE_ADDED =	 {Mon Jun 20 18:12:42 2016},
}

@inproceedings{not-a-number,
  author = {McBride, Conor and McKinna, James},
  title = {Functional Pearl: I Am Not a Number--i Am a Free Variable},
  booktitle = {Proceedings of the 2004 ACM SIGPLAN Workshop on Haskell},
  series = {Haskell '04},
  year = {2004},
  isbn = {1-58113-850-4},
  location = {Snowbird, Utah, USA},
  pages = {1--9},
  numpages = {9},
  url = {http://doi.acm.org/10.1145/1017472.1017477},
  doi = {10.1145/1017472.1017477},
  acmid = {1017477},
  publisher = {ACM},
  address = {New York, NY, USA},
  keywords = {abstract syntax, bound variables, de Bruijn representation, free variables, fresh names, haskell, implementing epigram, induction principles},
} 

@article{hughes-why,
  author =	 {J. Hughes},
  title =	 {Why Functional Programming Matters},
  journal =	 {The Computer Journal},
  volume =	 32,
  number =	 2,
  pages =	 {98-107},
  year =	 1989,
  doi =		 {10.1093/comjnl/32.2.98},
  url =		 {http://dx.doi.org/10.1093/comjnl/32.2.98},
  DATE_ADDED =	 {Mon Jun 20 18:49:41 2016},
}
